<?xml version="1.0" encoding="UTF-8"?><record xmlns="http://www.loc.gov/MARC21/slim" xmlns:cinclude="http://apache.org/cocoon/include/1.0" xmlns:zs="http://www.loc.gov/zing/srw/">
  <leader>00394cz  a2200133n  4500</leader>
  <controlfield tag="001">n 2005009333</controlfield>
  <controlfield tag="003">DLC</controlfield>
  <controlfield tag="005">20060620201113.0</controlfield>
  <controlfield tag="008">050208n| acannaabn          |a aaa      </controlfield>
  <datafield tag="010" ind1=" " ind2=" ">
    <subfield code="a">n 2005009333</subfield>
  </datafield>
  <datafield tag="040" ind1=" " ind2=" ">
    <subfield code="a">DLC</subfield>
    <subfield code="b">eng</subfield>
    <subfield code="c">DLC</subfield>
    <subfield code="d">DLC</subfield>
  </datafield>
  <datafield tag="100" ind1="1" ind2=" ">
    <subfield code="a">Kalman, Bobbie.</subfield>
    <subfield code="t">Life cycle of the honeybee.</subfield>
    <subfield code="l">Spanish</subfield>
  </datafield>
  <datafield tag="400" ind1="1" ind2=" ">
    <subfield code="a">Kalman, Bobbie.</subfield>
    <subfield code="t">Ciclo de vida de la abeja</subfield>
  </datafield>
  <datafield tag="670" ind1=" " ind2=" ">
    <subfield code="a">El ciclo de vida de la abeja, 2005.</subfield>
  </datafield>
</record>